@inproceedings{Wang15,
  author    = {Xiaolan Wang and Xin Luna Dong and Alexandra Meliou},
  title     = {Data X-Ray: {A} Diagnostic Tool for Data Errors},
  booktitle = {Proceedings of the 2015 {ACM} {SIGMOD} International Conference on Management of Data, Melbourne, Victoria, Australia, May 31 - June 4, 2015},
  pages     = {1231--1245},
  year      = {2015},
  url       = {https://doi.org/10.1145/2723372.2750549},
  doi       = {10.1145/2723372.2750549},
  timestamp = {Tue, 06 Nov 2018 11:07:37 +0100},
  biburl    = {https://dblp.org/rec/bib/conf/sigmod/WangDM15},
  bibsource = {dblp computer science bibliography, https://dblp.org}
}
@article{Wu13,
  author    = {Eugene Wu and Samuel Madden},
  title     = {Scorpion: Explaining Away Outliers in Aggregate Queries},
  journal   = {{PVLDB}},
  volume    = {6},
  number    = {8},
  pages     = {553--564},
  year      = {2013},
  url       = {http://www.vldb.org/pvldb/vol6/p553-wu.pdf},
  doi       = {10.14778/2536354.2536356},
  timestamp = {Thu, 16 Aug 2018 11:33:43 +0200},
  biburl    = {https://dblp.org/rec/bib/journals/pvldb/0002M13},
  bibsource = {dblp computer science bibliography, https://dblp.org}
}
@inproceedings{Tran10,
  author    = {Quoc Trung Tran and Chee{-}Yong Chan},
  title     = {How to ConQueR why-not questions},
  booktitle = {Proceedings of the {ACM} {SIGMOD} International Conference on Management of Data, {SIGMOD} 2010, Indianapolis, Indiana, USA, June 6-10, 2010},
  pages     = {15--26},
  year      = {2010},
  url       = {https://doi.org/10.1145/1807167.1807172},
  doi       = {10.1145/1807167.1807172},
  timestamp = {Tue, 06 Nov 2018 11:07:38 +0100},
  biburl    = {https://dblp.org/rec/bib/conf/sigmod/TranC10},
  bibsource = {dblp computer science bibliography, https://dblp.org}
}
@book{Rosenbaum02,
  doi = {10.1007/978-1-4757-3692-2},
  url = {https://doi.org/10.1007/978-1-4757-3692-2},
  year  = {2002},
  publisher = {Springer New York},
  author = {Paul R. Rosenbaum},
  title = {Observational Studies}
}
@article{Robins16,
    author = {James M. Robins and Miguel A. Hern√°n},
    title = {Using Big Data to Emulate a Target Trial When a Randomized Trial Is Not Available},
    journal = {American Journal of Epidemiology},
    volume = {183},
    number = {8},
    pages = {758-764},
    year = {2016},
    month = {03},
    issn = {0002-9262},
    doi = {10.1093/aje/kwv254},
    url = {https://dx.doi.org/10.1093/aje/kwv254},
    eprint = {http://oup.prod.sis.lan/aje/article-pdf/183/8/758/6652570/kwv254.pdf},
}
@article{Austin11,
	author = {Peter C. Austin},
	title = {An Introduction to Propensity Score Methods for Reducing the Effects of Confounding in Observational Studies},
	journal = {Multivariate Behavioral Research},
	volume = {46},
	number = {3},
	pages = {399-424},
	year  = {2011},
	publisher = {Routledge},
	doi = {10.1080/00273171.2011.568786},
	note ={PMID: 21818162},
	URL = {https://doi.org/10.1080/00273171.2011.568786},
	eprint = {https://doi.org/10.1080/00273171.2011.568786}
}
@article{Bonchi2017,
	author={Bonchi, Francesco and Hajian, Sara and Mishra, Bud and Ramazzotti, Daniele},
	title={Exposing the probabilistic causal structure of discrimination},
	journal={International Journal of Data Science and Analytics},
	year={2017},
	month={02},
	day={01},
	volume={3},
	number={1},
	pages={1--21},
	issn={2364-4168},
	doi={10.1007/s41060-016-0040-z},
	url={https://doi.org/10.1007/s41060-016-0040-z}
}
@inproceedings{Zemel13,
  author    = {Richard S. Zemel and Yu Wu and Kevin Swersky and Toniann Pitassi and Cynthia Dwork},
  title     = {Learning Fair Representations},
  booktitle = {Proceedings of the 30th International Conference on Machine Learning, {ICML} 2013, Atlanta, GA, USA, 16-21 June 2013},
  pages     = {325--333},
  year      = {2013},
  url       = {http://jmlr.org/proceedings/papers/v28/zemel13.html}
}